@misc{rfc:791,
	series =	{Request for Comments},
	number =	791,
	howpublished =	{RFC 791},
	doi =		{10.17487/RFC0791},
	url =		{https://rfc-editor.org/rfc/rfc791.txt},
    author =	{},
	title =		{{Internet Protocol}},
	pagetotal =	51,
	year =		1981,
	month =		sep,
}

@misc{rfc:792,
	number =	792,
	howpublished =	{RFC 792},
	doi =		{10.17487/RFC0792},
	url =		{https://rfc-editor.org/rfc/rfc792.txt},
    author =	{J. Postel},
	title =		{{Internet Control Message Protocol}},
	pagetotal =	21,
	year =		1981,
	month =		sep,
}

@misc{rfc:768,
	number =	768,
	howpublished =	{RFC 768},
	doi =		{10.17487/RFC0768},
	url =		{https://rfc-editor.org/rfc/rfc768.txt},
    author =	{J. Postel},
	title =		{{User Datagram Protocol}},
	pagetotal =	3,
	year =		1980,
	month =		aug,
}

@misc{rfc:793,
	series =	{Request for Comments},
	number =	793,
	howpublished =	{RFC 793},
	doi =		{10.17487/RFC0793},
	url =		{https://rfc-editor.org/rfc/rfc793.txt},
    author =	{},
	title =		{{Transmission Control Protocol}},
	pagetotal =	91,
	year =		1981,
	month =		sep,
}

@misc{rfc:815,
	number =	815,
	howpublished =	{RFC 815},
	doi =		{10.17487/RFC0815},
	url =		{https://rfc-editor.org/rfc/rfc815.txt},
    author =	{David D. Clark},
	title =		{{IP datagram reassembly algorithms}},
	pagetotal =	8,
	year =		1982,
	month =		jul,
}

@misc{rfc:2460,
	number =	2460,
	howpublished =	{RFC 2460},
	doi =		{10.17487/RFC2460},
	url =		{https://rfc-editor.org/rfc/rfc2460.txt},
    author =	{Robert M. Hinden and Dr. Steve E. Deering},
	title =		{{Internet Protocol, Version 6 (IPv6) Specification}},
	pagetotal =	39,
	year =		1998,
	month =		dec,
}

@misc{rfc:4443,
	series =	{Request for Comments},
	number =	4443,
	howpublished =	{RFC 4443},
	doi =		{10.17487/RFC4443},
	url =		{https://rfc-editor.org/rfc/rfc4443.txt},
    author =	{Mukesh Gupta and Alex Conta},
	title =		{{Internet Control Message Protocol (ICMPv6) for the Internet Protocol Version 6 (IPv6) Specification}},
	pagetotal =	24,
	year =		2006,
	month =		mar,
}

@MISC{wiki:Ethernet,
  author = {Wikipedie},
  title = {Ethernet},
  url = "https://cs.wikipedia.org/wiki/Ethernet",
  note = "[Online; navštíveno 14.11.2017]"
}
@MISC{wiki:ipv4,
  author = {Wikipedie},
  title = {IPv4},
  url = "https://cs.wikipedia.org/wiki/IPv4",
  note = "[Online; navštíveno 14.11.2017]"
}
@MISC{wiki:ipv6,
  author = {Wikipedie},
  title = {IPv6},
  url = "https://cs.wikipedia.org/wiki/IPv6",
  note = "[Online; navštíveno 14.11.2017]"
}
@MISC{wiki:icmp,
  author = {Wikipedie},
  title = {ICMP},
  url = "https://cs.wikipedia.org/wiki/ICMP",
  note = "[Online; navštíveno 14.11.2017]"
}
@MISC{wiki:udp,
  author = {Wikipedie},
  title = {User Datagram Protocol},
  url = "https://cs.wikipedia.org/wiki/User_Datagram_Protocol",
  note = "[Online; navštíveno 14.11.2017]"
}
@MISC{wiki:tcp,
  author = {Wikipedie},
  title = {Transmission Control Protocol},
  url = "https://cs.wikipedia.org/wiki/Transmission_Control_Protocol",
  note = "[Online; navštíveno 14.11.2017]"
}